<record><leader>00000cas a22000007a 4500</leader><controlfield tag="001">20907559</controlfield><controlfield tag="008">900116d190u191uaruwr ne      0    0eng d</controlfield><datafield ind1=" " ind2=" " tag="010"><subfield code="a">sn 89051463 </subfield></datafield><datafield ind1=" " ind2=" " tag="040"><subfield code="a">ANU</subfield><subfield code="b">eng</subfield><subfield code="c">ANU</subfield><subfield code="d">OCLCQ</subfield></datafield><datafield ind1=" " ind2=" " tag="042"><subfield code="a">msc</subfield></datafield><datafield ind1="0" ind2="0" tag="245"><subfield code="a">North Little Rock Republican.</subfield></datafield><datafield ind1=" " ind2=" " tag="260"><subfield code="a">Little Rock, Argenta Station, Ark. :</subfield><subfield code="b">Republican Pub. Co.</subfield></datafield><datafield ind1=" " ind2=" " tag="300"><subfield code="a">v.</subfield></datafield><datafield ind1=" " ind2=" " tag="310"><subfield code="a">Weekly</subfield></datafield><datafield ind1=" " ind2=" " tag="588"><subfield code="a">Description based on: Vol. 5, no. 20 (May 18, 1906).</subfield></datafield><datafield ind1=" " ind2="4" tag="651"><subfield code="a">North Little Rock (Ark.)</subfield><subfield code="v">Newspapers.</subfield></datafield><datafield ind1=" " ind2=" " tag="752"><subfield code="a">United States</subfield><subfield code="b">Arkansas</subfield><subfield code="c">Pulaski</subfield><subfield code="d">Little Rock.</subfield></datafield><datafield ind1="0" ind2=" " tag="775"><subfield code="t">State Republican (Little Rock, Ark.)</subfield><subfield code="w">(DLC)sn 89051464</subfield></datafield></record>